<collection xmlns="http://www.loc.gov/MARC21/slim">
<record>
  <leader>02056nam0a2200265 i 450 </leader>
  <controlfield tag="001">IT\ICCU\CNCE\053564</controlfield>
  <controlfield tag="005">20150609000000.0</controlfield>
  <datafield tag="012" ind1=" " ind2=" ">
    <subfield code="a">u-ar Etta c-no Libu (C) 1536 (R)</subfield>
    <subfield code="2">fei</subfield>
  </datafield>
  <datafield tag="100" ind1=" " ind2=" ">
    <subfield code="a">20021129d1536        0itac0103    ba</subfield>
  </datafield>
  <datafield tag="101" ind1=" " ind2=" ">
    <subfield code="a">LAT</subfield>
  </datafield>
  <datafield tag="102" ind1=" " ind2=" ">
    <subfield code="a">IT</subfield>
  </datafield>
  <datafield tag="200" ind1="1" ind2=" ">
    <subfield code="a">Ortus sanitatis. De herbis: et plantis. De auibus et volatilibus: eorumque naturis. De animalibus: et reptilibus. De piscibus et natatilibus. De lapidibus et in terrae venis nascentibus: eorumque virtutibus. De vrinis: et earum generibus.De facile acquisibilibus. Habes praeterea hic herbarum figuras aptissimas: necnon animalium: ac aliorum quae habentur toto volumine suis locis apposite collocatas. Que omnia nuper emendatiora in lucem prodeunt. Tabula insuper medicinalis de omnibus iis: quae in singulis tractatibus continentur</subfield>
  </datafield>
  <datafield tag="210" ind1=" " ind2=" ">
    <subfield code="d">1536</subfield>
    <subfield code="e">Impressum Venetiis</subfield>
    <subfield code="g">per Ioannem de Cereto de Tridino alias Tacuinum</subfield>
    <subfield code="h">1536 mensis Aprilis</subfield>
  </datafield>
  <datafield tag="215" ind1=" " ind2=" ">
    <subfield code="a">\368! c.</subfield>
    <subfield code="c">ill.</subfield>
    <subfield code="d">fol</subfield>
  </datafield>
  <datafield tag="300" ind1=" " ind2=" ">
    <subfield code="a">Le note tipografiche del colophon su cartiglio editoriale che copre il colophon della var. B. - Var. B: (Impressum Venetiis : per Bernardinum Benalium: et Ioannem de Cereto de Tridino alias Tacuinum, 1511 die XI Augusti)</subfield>
  </datafield>
  <datafield tag="620" ind1=" " ind2=" ">
    <subfield code="a">IT</subfield>
    <subfield code="d">Venezia</subfield>
  </datafield>
  <datafield tag="702" ind1=" " ind2="1">
    <subfield code="a">Cuba,</subfield>
    <subfield code="b">Johannes : von</subfield>
    <subfield code="3">IT\ICCU\CNCA\016766</subfield>
  </datafield>
  <datafield tag="712" ind1="0" ind2="0">
    <subfield code="a">Benali, Bernardino &amp; Tacuino, Giovanni</subfield>
    <subfield code="3">IT\ICCU\CNCT\002161</subfield>
    <subfield code="4">650</subfield>
  </datafield>
  <datafield tag="801" ind1=" " ind2="3">
    <subfield code="a">IT</subfield>
    <subfield code="b">ICCU</subfield>
    <subfield code="c">20201115</subfield>
  </datafield>
  <datafield tag="899" ind1=" " ind2=" ">
    <subfield code="a">Biblioteca statale di Montevergine. Mercogliano</subfield>
    <subfield code="z">MUTILO</subfield>
    <subfield code="1">AV0045</subfield>
    <subfield code="2">NAP MV</subfield>
  </datafield>
  <datafield tag="899" ind1=" " ind2=" ">
    <subfield code="a">Biblioteca delle Facolt ̉di giurisprudenza e di lettere e filosofia dell&apos;Universit ̉degli studi di Milano. Milano</subfield>
    <subfield code="1">MI0190</subfield>
    <subfield code="2">USM A6</subfield>
  </datafield>
  <datafield tag="899" ind1=" " ind2=" ">
    <subfield code="a">Archivio storico civico e Biblioteca Trivulziana. Milano</subfield>
    <subfield code="z">MUTILO</subfield>
    <subfield code="1">MI0327</subfield>
    <subfield code="2">LO1 13</subfield>
  </datafield>
  <datafield tag="899" ind1=" " ind2=" ">
    <subfield code="a">Biblioteca del Museo civico di storia naturale. Milano</subfield>
    <subfield code="z">(Var.B)</subfield>
    <subfield code="1">MI0340</subfield>
    <subfield code="2">LO1 78</subfield>
  </datafield>
  <datafield tag="899" ind1=" " ind2=" ">
    <subfield code="a">Biblioteca del Centro APICE - Archivi della parola, dell&apos;immagine e della comunicazione editoriale dell&apos;Universit ̉degli studi di Milano. Milano</subfield>
    <subfield code="1">MI1289</subfield>
    <subfield code="2">USM S6</subfield>
  </datafield>
  <datafield tag="899" ind1=" " ind2=" ">
    <subfield code="a">Biblioteca civica Gambalunghiana. Rimini</subfield>
    <subfield code="z">(Var. A)</subfield>
    <subfield code="1">RN0013</subfield>
    <subfield code="2">RAV RI</subfield>
  </datafield>
</record>
</collection>
